%% This BibTeX bibliography file was created using BibDesk.
%% http://bibdesk.sourceforge.net/


%% Created for jacob at 2014-09-21 19:00:29 +0200 


%% Saved with string encoding Unicode (UTF-8) 



@book{Stengaard:2014aa,
	Author = {Carsten Stengaard and Jacob Thorsted S{\o}rensen},
	Date-Added = {2014-09-21 13:34:46 +0000},
	Date-Modified = {2014-09-21 14:23:16 +0000},
	Keywords = {hjerte, blodtryk},
	Month = {maj},
	Note = {\burl{http://nbv.cardio.dk/transport} (bes{\o}gt 15.36 21/9-14)},
	Publisher = {Dansk Cadiologisk Selskab},
	Title = {Pr{\ae}- og interhospital transport af hjertepatienter},
	Year = {2014}}

@article{Bang:2006aa,
	Author = {Lia E. Bang and Kent Lodberg Christensen and Klavs W{\"u}rgler Hansen and Karin Skov and Niels Wiinberg},
	Date-Added = {2014-09-19 11:21:56 +0000},
	Date-Modified = {2014-09-19 11:25:18 +0000},
	Journal = {Dansk Hypertensionsselskab},
	Keywords = {blodtryk, sygdom},
	Title = {Diagnostisk blodtryksm{\aa}ling - p{\aa} d{\o}gnbasis, hjemme og i konsultationen},
	Year = {2006}}

@misc{Statistik:2014aa,
	Author = {Danmarks Statistik},
	Date-Added = {2014-09-19 09:27:26 +0000},
	Date-Modified = {2014-09-19 09:29:21 +0000},
	Howpublished = {Data hentet fra database p{\aa} \burl{http://www.statistikbanken.dk/statbank5a/selectvarval/define.asp?PLanguage=0&subword=tabsel&MainTable=FOD507&PXSId=146260&tablestyle=&ST=SD&buttons=0} (bes{\o}gt 11.30 19/9-14)},
	Keywords = {blodtryk, sygdom},
	Title = {FOD507: D{\o}de efter region, k{\o}n, alder og d{\o}ds{\aa}rsag},
	Year = {2014}}

@booklet{Christensen:2013aa,
	Author = {Kent Lodberg Christensen and Tine Willum Hansen and Niels Wiinberg and Lia E. Bang and Dansk Hypertensionsselskab},
	Date-Added = {2014-09-19 08:43:53 +0000},
	Date-Modified = {2014-09-21 13:39:49 +0000},
	Keywords = {blodtryk, teknik},
	Title = {Hypertensionsdiagnostik 2013},
	Year = {2013}}

@booklet{Johansen:2011ab,
	Author = {Peter Johansen},
	Date-Added = {2014-09-19 07:57:48 +0000},
	Date-Modified = {2014-09-19 08:23:06 +0000},
	Keywords = {anatomi, fysiologi, blodtryk, hjerte, fysiologi},
	Month = {november},
	Title = {H{\ae}modynamik og hjerte-kar systemet},
	Year = {2011}}

@article{Ibsen:2009aa,
	Author = {Hans Ibsen and Torben J{\o}rgensen and Gorm B. Jensen and Ib Abildgaard Jacobsen},
	Date-Added = {2014-09-19 07:55:07 +0000},
	Date-Modified = {2014-09-19 11:25:58 +0000},
	Journal = {Ugeskrift for l{\ae}ger},
	Keywords = {blodtryk, sygdom},
	Month = {juni},
	Title = {Hypertension - forekomst og behandling},
	Year = {2009}}

@misc{Christensen:2014aa,
	Author = {Kent Lodberg Christensen},
	Date-Added = {2014-09-18 10:03:45 +0000},
	Date-Modified = {2014-09-18 10:07:29 +0000},
	Howpublished = {{\AA}rsm{\o}de for Dansk Medicoteknisk Selskab},
	Keywords = {blodtryk, sygdom, teknik,, hjerte},
	Month = {september},
	Title = {Blodtryksm{\aa}ling - hvorn{\aa}r kan vi tro p{\aa} det, vi m{\aa}ler?},
	Year = {2014}}

@booklet{Center:2011aa,
	Author = {National Clinical Guideline Center},
	Date-Added = {2014-09-18 09:44:53 +0000},
	Date-Modified = {2014-09-18 10:07:48 +0000},
	Keywords = {fysiologi, blodtryk, hjerte, teknik},
	Month = {august},
	Title = {Hypertension: The Clinical Management of Primary Hypertension In Adults},
	Year = {2011}}

@misc{BHS:2012aa,
	Author = {British Hypertension Society},
	Date-Added = {2014-09-16 11:43:52 +0000},
	Date-Modified = {2014-09-16 11:43:52 +0000},
	Howpublished = {\burl{http://www.bhsoc.org//index.php?cID=247} (bes{\o}gt 13.39 16/09-14)},
	Keywords = {teknik, blodtryk},
	Month = {juli},
	Title = {Blood Pressure Monitors Validated for Clinical Use},
	Year = {2012}}

@misc{BHS:2012ab,
	Author = {British Hypertension Society},
	Date-Added = {2014-09-16 11:40:49 +0000},
	Date-Modified = {2014-09-16 11:44:37 +0000},
	Howpublished = {\burl{http://www.bhsoc.org//index.php?cID=246} (bes{\o}gt 13.40 16/09-14)},
	Keywords = {teknik, blodtryk},
	Month = {juli},
	Title = {Blood Pressure Monitors Validated for Home Use},
	Year = {2012}}

@book{Webster:2009aa,
	Author = {John G. Webster},
	Date-Added = {2014-09-12 07:39:31 +0000},
	Date-Modified = {2014-09-13 16:52:19 +0000},
	Edition = {fourth},
	Keywords = {teknik, fysiologi},
	Publisher = {Wiley},
	Rating = {5},
	Title = {Medical Instrumentation: Application and Design},
	Year = {2009}}

@article{Lehman:2013aa,
	Author = {L. W. Lehman and M. Saeed and D. Talmor and R. Mark and A. Malhotra},
	Date-Added = {2014-09-09 12:28:27 +0000},
	Date-Modified = {2014-09-16 05:38:56 +0000},
	Journal = {Critical Care Medicine},
	Keywords = {blodtryk, teknik, fysiologi},
	Month = {januar},
	Note = {\burl{http://www.ncbi.nlm.nih.gov/pubmed/23269127} (bes{\o}gt 13.04 9/9-14)},
	Title = {Methods of blood pressure measurement in the ICU},
	Year = {2013}}

@article{Ilies:2012aa,
	Author = {C. Ilies and M. Bauer and P. Berg and J. Rosenberg and J. Hedderic and B. Bein and J. Hinz and R. Hanss},
	Date-Added = {2014-09-09 12:20:07 +0000},
	Date-Modified = {2014-09-16 05:36:20 +0000},
	Journal = {British Journal of Anastesia},
	Keywords = {teknik, hjerte, fysiologi},
	Month = {februar},
	Note = {\burl{http://www.ncbi.nlm.nih.gov/pubmed/22171358} (13.04 9/9-14)},
	Rating = {3},
	Title = {Investigation of the agreement of a continuous non-invasive arterial pressure device in comparison with invasive radial artery measurement.},
	Year = {2012},
	Bdsk-Url-1 = {http://www.ncbi.nlm.nih.gov/pubmed/22171358}}

@book{Sand:2006aa,
	Author = {Olav Sand and {\O}jstein V. Sjaastad and Egil Haug and Jan G. Bj{\aa}lie},
	Date-Added = {2014-09-09 12:16:17 +0000},
	Date-Modified = {2014-09-13 16:51:33 +0000},
	Edition = {second},
	Keywords = {anatomi, fysiologi,},
	Publisher = {Gads Forlag},
	Rating = {4},
	Title = {Menneskets anatomi og fysiologi},
	Year = {2006}}

@book{Silbernagl:2009aa,
	Author = {Stefan Silbernagl and Agamemnon Despopoulos},
	Date-Added = {2014-09-09 12:15:31 +0000},
	Date-Modified = {2014-09-13 16:52:05 +0000},
	Edition = {sixth},
	Keywords = {fysiologi, hjerte},
	Publisher = {Thieme},
	Rating = {5},
	Title = {Color Atlas of Physiology},
	Year = {2009}}

@book{Boron:2009aa,
	Author = {Walter F. Boron and Emile L. Boulpaep},
	Date-Added = {2014-09-09 12:14:53 +0000},
	Date-Modified = {2014-09-13 16:51:00 +0000},
	Edition = {second},
	Keywords = {fysiologi, hjerte},
	Publisher = {Elsevier},
	Rating = {5},
	Title = {Medical Physiology: A Cellular and Molecular Approach},
	Year = {2009}}

@booklet{Johansen:2011aa,
	Author = {Peter Johansen},
	Date-Added = {2014-09-09 12:03:40 +0000},
	Date-Modified = {2014-09-13 06:53:09 +0000},
	Howpublished = {Internt p{\aa} IHA},
	Keywords = {teknik, blodtryk},
	Rating = {1},
	Title = {Instrumentforst{\ae}rkeren},
	Year = {2011}}

@article{Bang:2014aa,
	Author = {Lia E. Bang and Kent Lodberg Christensen},
	Date-Added = {2014-09-09 11:55:38 +0000},
	Date-Modified = {2014-09-16 05:30:45 +0000},
	Journal = {National cardiologisk behandlingsvejledning},
	Keywords = {sygdom, blodtryk, hjerte},
	Lastchecked = {13.06 9/9-14},
	Month = {maj},
	Note = {\burl{http://nbv.cardio.dk/hypertension} (bes{\o}gt 13.06 9/9-14)},
	Rating = {4},
	Title = {Hypertension},
	Year = {2014},
	Bdsk-Url-1 = {http://nbv.cardio.dk/hypertension}}

@article{Strandgaard:2013aa,
	Author = {Svend Strandgaard and Bo Christensen and Finn Klamer},
	Date-Added = {2014-09-09 11:52:54 +0000},
	Date-Modified = {2014-09-16 05:35:20 +0000},
	Journal = {L{\ae}geh{\aa}ndbogen},
	Keywords = {blodtryk, sygdom, hjerte},
	Month = {december},
	Note = {\burl{https://www.sundhed.dk/sundhedsfaglig/laegehaandbogen/hjerte-kar/symptomer-og-tegn/hoejt-blodtryk/} (bes{\o}gt 13.07 9/9-14)},
	Rating = {4},
	Title = {H{\o}jt blodtryk},
	Year = {2013},
	Bdsk-Url-1 = {https://www.sundhed.dk/sundhedsfaglig/laegehaandbogen/hjerte-kar/symptomer-og-tegn/hoejt-blodtryk/}}

@article{Strandgaard:2012ab,
	Author = {Svend Strandgaard and Bo Christensen and Finn Klamer},
	Date-Added = {2014-09-09 11:49:11 +0000},
	Date-Modified = {2014-09-16 05:24:33 +0000},
	Journal = {Patienth{\aa}ndbogen},
	Keywords = {blodtryk, sygdom, hjerte},
	Month = {september},
	Note = {\burl{https://www.sundhed.dk/borger/sygdomme-a-aa/hjerte-og-blodkar/sygdomme/hoejt-blodtryk-hypertension/hypertension-malign/} (bes{\o}gt 13.07 9/9-14)},
	Rating = {2},
	Title = {Hypertension, malign},
	Year = {2012},
	Bdsk-Url-1 = {https://www.sundhed.dk/borger/sygdomme-a-aa/hjerte-og-blodkar/sygdomme/hoejt-blodtryk-hypertension/hypertension-malign/}}

@article{Strandgaard:2012aa,
	Author = {Svend Strandgaard and Finn Klamer and Bo Christensen},
	Date-Added = {2014-09-09 11:42:15 +0000},
	Date-Modified = {2014-09-16 05:34:33 +0000},
	Journal = {L{\ae}geh{\aa}ndbogen},
	Keywords = {sygdom, blodtryk, hjerte},
	Month = {august},
	Note = {\burl{https://www.sundhed.dk/sundhedsfaglig/laegehaandbogen/hjerte-kar/tilstande-og-sygdomme/oevrige-sygdomme/hypertension/} (bes{\o}gt 13.07 9/9-14)},
	Rating = {4},
	Title = {Hypertension},
	Year = {2012},
	Bdsk-Url-1 = {https://www.sundhed.dk/sundhedsfaglig/laegehaandbogen/hjerte-kar/tilstande-og-sygdomme/oevrige-sygdomme/hypertension/}}

@article{Steinmetz:2010aa,
	Author = {Jacob Steinmetz and Svend Strandgaard and Finn Klamer},
	Date-Added = {2014-09-09 11:36:57 +0000},
	Date-Modified = {2014-09-16 05:29:28 +0000},
	Journal = {L{\ae}geh{\aa}ndbogen},
	Keywords = {blodtryk},
	Month = {marts},
	Note = {\burl{https://www.sundhed.dk/sundhedsfaglig/laegehaandbogen/undersoegelser-og-proever/kliniske-procedurer/hjertekar/blodtryksmaaling/} (bes{\o}gt 13.08 9/9-14)},
	Rating = {4},
	Title = {Blodtryksm{\aa}ling},
	Year = {2010},
	Bdsk-Url-1 = {https://www.sundhed.dk/sundhedsfaglig/laegehaandbogen/undersoegelser-og-proever/kliniske-procedurer/hjertekar/blodtryksmaaling/}}

@book{Ivarsen:2013aa,
	Author = {Hanne Raml{\o}v Ivarsen and Ahmed Aziz},
	Date-Added = {2014-09-09 11:28:13 +0000},
	Date-Modified = {2014-09-13 16:51:12 +0000},
	Edition = {first},
	Keywords = {sygdom},
	Publisher = {Gads Forlag},
	Rating = {3},
	Title = {Sygdomsl{\ae}re - for sundhedsprofessionelle},
	Year = {2013}}

@inbook{Sand:2006ab,
	Author = {Olav Sand and {\O}jstein V. Sjaastad and Egil Haug and Jan G. Bj{\aa}lie},
	Chapter = {Kredsl{\o}bet},
	Date-Added = {2014-09-09 11:25:48 +0000},
	Date-Modified = {2014-09-13 16:51:24 +0000},
	Edition = {second},
	Keywords = {anatomi, fysiologi, hjerte},
	Publisher = {Gads Forlag},
	Rating = {4},
	Title = {Menneskets anatomi og fysiologi},
	Year = {2006}}

@inbook{Boron:2009ab,
	Author = {Walter F. Boron and Emile L. Boulpaep},
	Chapter = {The Cardiovascular System},
	Date-Added = {2014-09-09 11:22:28 +0000},
	Date-Modified = {2014-09-13 16:50:48 +0000},
	Edition = {second},
	Keywords = {fysiologi, hjerte},
	Publisher = {Elsevier},
	Rating = {5},
	Title = {Medical Physiology: A Cellular and Molecular Approach},
	Year = {2009}}

@inbook{Silbernagl:2009ab,
	Author = {Stefan Silbernagl and Agamemnon Despopoulos},
	Chapter = {Cardiovascular System},
	Date-Added = {2014-09-09 11:13:42 +0000},
	Date-Modified = {2014-09-13 16:51:58 +0000},
	Edition = {sixth},
	Keywords = {fysiologi, hjerte},
	Publisher = {Thieme},
	Rating = {5},
	Title = {Color Atlas of Physiology},
	Year = {2009}}

@comment{BibDesk Static Groups{
<?xml version="1.0" encoding="UTF-8"?>
<!DOCTYPE plist PUBLIC "-//Apple//DTD PLIST 1.0//EN" "http://www.apple.com/DTDs/PropertyList-1.0.dtd">
<plist version="1.0">
<array>
	<dict>
		<key>group name</key>
		<string>Bøger</string>
		<key>keys</key>
		<string>Sand:2006aa,Silbernagl:2009aa,Ivarsen:2013aa,Webster:2009aa,Boron:2009aa</string>
	</dict>
	<dict>
		<key>group name</key>
		<string>PRJ3</string>
		<key>keys</key>
		<string>Strandgaard:2012aa,Sand:2006ab,Bang:2014aa,Ilies:2012aa,Lehman:2013aa,Silbernagl:2009ab,Boron:2009ab,Steinmetz:2010aa,Johansen:2011aa,Strandgaard:2012ab,Strandgaard:2013aa,Webster:2009aa,Ivarsen:2013aa</string>
	</dict>
</array>
</plist>
}}
